<?xml version="1.0" encoding="UTF-8"?><collection xmlns="http://www.loc.gov/MARC21/slim"><record><leader>00563nam--2200205-i-4500</leader><controlfield tag="001">000046677</controlfield><controlfield tag="002">20161230</controlfield><controlfield tag="005">20161230201046</controlfield><controlfield tag="008">060222s1000------------r-----000-0-rum-d</controlfield><datafield ind1=" " ind2=" " tag="040"><subfield code="a">IFIN-HH</subfield></datafield><datafield ind1=" " ind2=" " tag="041"><subfield code="a">rum</subfield></datafield><datafield ind1=" " ind2=" " tag="080"><subfield code="a">532.783:537.226.8:535.8</subfield></datafield><datafield ind1="1" ind2=" " tag="100"><subfield code="a">Sofron, Emil</subfield></datafield><datafield ind1="1" ind2="0" tag="245"><subfield code="a">Dispozitive optoelectronice cu crisale lichide</subfield><subfield code="c">Emil sofron, stefan taraca</subfield></datafield><datafield ind1=" " ind2=" " tag="260"><subfield code="a">Bucuresti</subfield><subfield code="b">Editura Tehinica</subfield><subfield code="c">1976</subfield></datafield><datafield ind1=" " ind2=" " tag="300"><subfield code="a">247P</subfield></datafield><datafield ind1=" " ind2=" " tag="490"><subfield code="a">Seria Electronica Aplicata</subfield></datafield><datafield ind1="1" ind2=" " tag="700"><subfield code="a">Taraca, Stefan</subfield></datafield><datafield ind1=" " ind2=" " tag="852"><subfield code="a">43719</subfield><subfield code="c">535</subfield></datafield><datafield ind1=" " ind2=" " tag="CAT"><subfield code="a">Sys</subfield><subfield code="c">20101110</subfield><subfield code="h">113838</subfield></datafield></record></collection>